%YAML 1.1
%TAG !u! tag:unity3d.com,2011:
--- !u!1 &3746324146897313293
GameObject:
  m_ObjectHideFlags: 0
  m_CorrespondingSourceObject: {fileID: 0}
  m_PrefabInstance: {fileID: 0}
  m_PrefabAsset: {fileID: 0}
  serializedVersion: 6
  m_Component:
  - component: {fileID: 1911342609607616891}
  - component: {fileID: 4764849564066982782}
  - component: {fileID: 373491475024301304}
  - component: {fileID: -7362363923588228102}
  m_Layer: 0
  m_Name: NetowrkDebugPrefab
  m_TagString: Untagged
  m_Icon: {fileID: 0}
  m_NavMeshLayer: 0
  m_StaticEditorFlags: 0
  m_IsActive: 1
--- !u!4 &1911342609607616891
Transform:
  m_ObjectHideFlags: 0
  m_CorrespondingSourceObject: {fileID: 0}
  m_PrefabInstance: {fileID: 0}
  m_PrefabAsset: {fileID: 0}
  m_GameObject: {fileID: 3746324146897313293}
  serializedVersion: 2
  m_LocalRotation: {x: 0, y: 0, z: 0, w: 1}
  m_LocalPosition: {x: 0, y: 0, z: 0}
  m_LocalScale: {x: 1, y: 1, z: 1}
  m_ConstrainProportionsScale: 0
  m_Children: []
  m_Father: {fileID: 0}
  m_LocalEulerAnglesHint: {x: 0, y: 0, z: 0}
--- !u!114 &4764849564066982782
MonoBehaviour:
  m_ObjectHideFlags: 0
  m_CorrespondingSourceObject: {fileID: 0}
  m_PrefabInstance: {fileID: 0}
  m_PrefabAsset: {fileID: 0}
  m_GameObject: {fileID: 3746324146897313293}
  m_Enabled: 1
  m_EditorHideFlags: 0
  m_Script: {fileID: 11500000, guid: 15537e4c79a04f242a5063349e652b75, type: 3}
  m_Name: 
  m_EditorClassIdentifier: 
  DataChannelController: {fileID: 373491475024301304}
  Document: {fileID: -7362363923588228102}
--- !u!114 &373491475024301304
MonoBehaviour:
  m_ObjectHideFlags: 0
  m_CorrespondingSourceObject: {fileID: 0}
  m_PrefabInstance: {fileID: 0}
  m_PrefabAsset: {fileID: 0}
  m_GameObject: {fileID: 3746324146897313293}
  m_Enabled: 1
  m_EditorHideFlags: 0
  m_Script: {fileID: 11500000, guid: f4f655695f2443340b684e09ba90d236, type: 3}
  m_Name: 
  m_EditorClassIdentifier: 
--- !u!114 &-7362363923588228102
MonoBehaviour:
  m_ObjectHideFlags: 0
  m_CorrespondingSourceObject: {fileID: 0}
  m_PrefabInstance: {fileID: 0}
  m_PrefabAsset: {fileID: 0}
  m_GameObject: {fileID: 3746324146897313293}
  m_Enabled: 1
  m_EditorHideFlags: 0
  m_Script: {fileID: 19102, guid: 0000000000000000e000000000000000, type: 0}
  m_Name: 
  m_EditorClassIdentifier: 
  m_PanelSettings: {fileID: 11400000, guid: fdf5ac1cae5649240a32a9ab4c057858, type: 2}
  m_ParentUI: {fileID: 0}
  sourceAsset: {fileID: 9197481963319205126, guid: f7d789790c9680b4781319172dcc524b,
    type: 3}
  m_SortingOrder: 0
